<record><leader>00000cas a22000007a 4500</leader><controlfield tag="001">20729233</controlfield><controlfield tag="008">891204d18391842moudr ne      0    0eng d</controlfield><datafield ind1=" " ind2=" " tag="010"><subfield code="a">sn 89067650 </subfield></datafield><datafield ind1=" " ind2=" " tag="040"><subfield code="a">MQN</subfield><subfield code="b">eng</subfield><subfield code="c">MQN</subfield><subfield code="d">OCLCQ</subfield></datafield><datafield ind1=" " ind2=" " tag="042"><subfield code="a">msc</subfield></datafield><datafield ind1=" " ind2="4" tag="050"><subfield code="a">F474.S2</subfield><subfield code="b">P46 fol.</subfield></datafield><datafield ind1="0" ind2=" " tag="130"><subfield code="a">People's organ (Saint Louis, Mo. : 1839)</subfield></datafield><datafield ind1="1" ind2="4" tag="245"><subfield code="a">The people's organ.</subfield></datafield><datafield ind1=" " ind2=" " tag="260"><subfield code="a">St. Louis [Mo.] :</subfield><subfield code="b">Higgins &amp; Mead</subfield></datafield><datafield ind1=" " ind2=" " tag="300"><subfield code="a">v.</subfield></datafield><datafield ind1=" " ind2=" " tag="310"><subfield code="a">Daily</subfield></datafield><datafield ind1="1" ind2=" " tag="362"><subfield code="a">Began in 1839? Ceased in 1842?</subfield></datafield><datafield ind1=" " ind2=" " tag="588"><subfield code="a">Description based on: Vol. 1, no. 66 (Apr. 16, 1842).</subfield></datafield><datafield ind1=" " ind2=" " tag="752"><subfield code="a">United States</subfield><subfield code="b">Missouri</subfield><subfield code="d">Saint Louis.</subfield></datafield><datafield ind1="0" ind2="0" tag="785"><subfield code="t">Daily people's organ</subfield><subfield code="w">(DLC)sn 87070058</subfield></datafield></record>